<?xml version="1.0" encoding="UTF-8"?><record xmlns="http://www.loc.gov/MARC21/slim" xmlns:cinclude="http://apache.org/cocoon/include/1.0" xmlns:zs="http://www.loc.gov/zing/srw/">
  <leader>00554cz  a2200157n  4500</leader>
  <controlfield tag="001">n  91107987 </controlfield>
  <controlfield tag="003">DLC</controlfield>
  <controlfield tag="005">20021206071307.0</controlfield>
  <controlfield tag="008">911023n| acannaab|          |a aaa      </controlfield>
  <datafield tag="010" ind1=" " ind2=" ">
    <subfield code="a">n  91107987 </subfield>
  </datafield>
  <datafield tag="035" ind1=" " ind2=" ">
    <subfield code="a">(OCoLC)oca03045480</subfield>
  </datafield>
  <datafield tag="040" ind1=" " ind2=" ">
    <subfield code="a">DLC</subfield>
    <subfield code="c">DLC</subfield>
    <subfield code="d">DLC</subfield>
    <subfield code="d">IEN</subfield>
  </datafield>
  <datafield tag="100" ind1="1" ind2=" ">
    <subfield code="a">Coppola, A.</subfield>
    <subfield code="q">(Alessandra)</subfield>
  </datafield>
  <datafield tag="400" ind1="1" ind2=" ">
    <subfield code="a">Coppola, Alessandra</subfield>
  </datafield>
  <datafield tag="670" ind1=" " ind2=" ">
    <subfield code="a">HesperiĚa, c1990- :</subfield>
    <subfield code="b">v. 1, t.p. (A. Coppola) p. 5 (Alessandra Coppola)</subfield>
  </datafield>
  <datafield tag="670" ind1=" " ind2=" ">
    <subfield code="a">Il re, il barbaro, il tiranno, c2002:</subfield>
    <subfield code="b">t.p. (Alessandra Coppola) p. 3 of cover (b. 1964; teaches at UniversitaĚ di Padova)</subfield>
  </datafield>
</record>